@book{PCL,
title="Practical Common Lisp",
author="Peter Seibel",
publisher="Apress",
year="2005"
}

@book{cookbook,
title="Common Lisp Cookbook",
author="Collective",
publisher="O RLY?",
year=???,
url="https://lispcookbook.github.io/cl-cookbook/"
}

@book{PAIP,
title="Paradigms of Artificial Intelligence Programming",
author="Peter Norvig",
publisher="Morgan Kaufmann Publishers",
year="1992"
}

@book{SICP,
title="Structure and Interpretation of Computer Programs",
author="Harold Abelson, Gerald Jay Sussman, Julie Sussman",
year="1996",
publisher="MIT Press"
}

@book{AIML,
title="Artificial intelligence with an Introduction to Machine Learning",
author="Richard E. Neapolitan, Xia Jing",
publisher="CRC Press",
year="2018"
}

@book{Swiswi,
title="Apprendre à Programmer avec Python3.",
author="Gérard Swinnen",
year="2012",
publisher="Eyrolles"
}

@book{Grok1,
title="Grokking Artificial Intelligence Algorithms",
author="Rishal Hurbans",
year="2020",
publisher="Manning Publications"
}

@book{Grok2,
title="Grokking Algorithms",
author="Aditya Y. Bhargava",
year="2016",
publisher="Manning Publications"
}

@book{IALud,
title="Intelligence Artificielle Une approche Ludique",
author="Tristan Cazenave",
year="2011",
publisher="Ellipses"
}

@book{spp,
title="Programming in Prolog",
author="William F.Clocksin, Christopher S.Mellish",
year="2003",
publisher="Springer"
}

@book{Appro,
title="Approche Logique de l'intelligence Artificielle",
author="A. Thayse",
year="1990",
publisher="Dunod"
}
